3650 5517
731 581 998 643 tntnouucttu
1366 583 1434 643 xxl

288 761 443 834 apertura
457 750 696 833 lungitudinnlis,
709 750 836 830 lunaris;
850 753 957 832 perist.
971 751 1101 831 simplex
1118 753 1163 813 vel
1181 751 1334 828 labieturn,
1352 770 1432 813 mar-

286 838 418 916 ginibus
434 836 660 917 inaequalibus.
675 836 819 918 (Species
835 836 897 900 uid.
913 835 972 899 vol.
987 838 1036 915 ll.)

327 938 524 1002 4049444ιοὶ49
538 936 664 1000 8499493.
680 940 710 996 in
724 942 870 1015 Quarterly
881 942 973 1016 J'ourn
995 945 1082 998 l828.
1099 942 1152 997 rol.
1168 944 1248 998 xxt'.
1264 962 1291 1017 p.
1310 947 1357 999 84.

410 1058 449 1071 -·
536 1021 599 1105 Pfr.
615 1026 642 1081 in
657 1026 740 1083 Proc.
755 1028 830 1083 Zool.
846 1028 910 1083 Soc.
931 1028 1019 1083 4845.
1036 1044 1063 1099 p.
1081 1030 1127 1081 89.

326 1109 449 1173 nonde
462 1110 548 1185 subg.
565 1106 767 1191 coeeopmae
781 1120 849 1168 sect.
865 1107 1027 1171 Helictcrcs
1043 1109 1106 1169 Fer.

328 1195 503 1257 Helicleres
515 1190 596 1255 Beck
609 1193 667 1252 ind.
682 1214 710 1270 p.
728 1198 776 1253 er.

285 1298 410 1359 Omnes
427 1294 552 1378 species
566 1294 628 1356 huc
642 1294 757 1357 relatae
777 1293 884 1357 habitu
897 1294 980 1357 totali
995 1296 1073 1358 inter
1093 1315 1126 1356 se
1148 1306 1210 1355 tarn
1232 1298 1337 1358 alleles
1352 1306 1431 1370 sunt,

285 1389 318 1444 ut
331 1400 443 1463 genus
457 1380 598 1442 naturale
612 1380 730 1460 optime
746 1379 922 1453 limitatum,
945 1380 1024 1441 inter
1037 1379 1189 1442 Bulirnum
1209 1390 1239 1441 et
1253 1380 1430 1443 Achatinern

285 1466 515 1529 intermedium
536 1466 725 1527 constituere
751 1462 926 1542 rideantur,
951 1466 1008 1527 etsi
1031 1466 1221 1527 characteres
1245 1466 1274 1526 in
1295 1464 1432 1547 diagnosi

286 1550 369 1613 haud
386 1554 503 1614 stricte
517 1550 695 1612 enumerari
709 1550 836 1630 possint.
873 1549 915 1611 ct.
934 1550 1127 1612 Fecussec
1148 1551 1268 1631 specics
1289 1550 1338 1612 illo
1355 1564 1430 1614 tcm-

286 1656 362 1717 pore
384 1646 483 1699 notas
505 1636 537 1697 in
556 1634 710 1697 sectione:
735 1633 896 1696 lielr'ctcres
915 1634 1097 1717 subgeneris
1119 1634 1327 1715 Cochlogonee
1349 1656 1431 1698 corn-

285 1720 462 1801 prelrcndit
483 1730 514 1783 et
541 1719 622 1781 4884
649 1718 698 1795 (in
722 1719 796 1800 lloy.
819 1717 859 1780 de
879 1720 1000 1801 Freyc.)
1026 1719 1134 1782 eodem
1161 1720 1282 1782 nomine
1306 1740 1358 1783 cas
1377 1720 1432 1781 de-

286 1807 433 1887 scripsit.
469 1806 672 1867 swainson
688 1805 806 1884 primus
829 1805 899 1882 luit,
923 1806 975 1884 qui
991 1806 1022 1866 in
1037 1824 1149 1886 genere
1163 1804 1359 1867 Achatinellnc
1380 1826 1432 1867 ees

286 1890 457 1953 aBulimis
479 1890 654 1969 sepemvit,
679 1888 881 1968 sequentibus
902 1891 1118 1951 recentissimis
1139 1890 1315 1953 auctoribus
1335 1891 1431 1971 pluri-

288 1978 358 2038 bus
397 1975 453 2037 Ab
468 1974 537 2036 aliis
558 1976 682 2055 species
701 1979 765 2034 tum
787 1973 918 2048 liuline,
945 1982 1010 2036 turn
1032 1974 1197 2037 Achatinee
1218 1976 1325 2051 (immo
1350 1996 1367 2039 a
1388 1976 1430 2037 Cl.

289 2060 480 2123 Lamarck
500 2058 717 2137 llonodontee)
739 2057 913 2140 adscriptae
933 2068 1019 2136 sunt,
1040 2070 1070 2121 ct
1089 2062 1186 2123 Beck
1208 2062 1238 2122 in
1259 2062 1431 2141 subgcuere

288 2144 435 2207 secusndo
445 2144 556 2205 Bnlimi
566 2143 757 2221 (Helictercr)
772 2162 825 2206 ees
837 2143 966 2224 collegit.
980 2178 1018 2189 -
1031 2146 1113 2207 Duce
1129 2147 1319 2208 Fecusses
1335 2145 1430 2208 dividi

290 2240 429 2311 pessunt
443 2250 485 2292 ex
498 2229 608 2306 iorme,
624 2238 787 2310 preeteree
800 2228 972 2293 secundum
988 2240 1173 2293 structurum
1188 2241 1294 2295 tostae.

813 2386 840 2463 l·
865 2386 913 2446 n.

637 2498 697 2555 xl.
726 2499 893 2555 mun·
908 2501 1090 2557 um

378 2594 476 2655 Testa
494 2590 708 2671 importarem,
731 2588 959 2668 bulimiiormis;
986 2589 1144 2653 columella
1169 2590 1295 2665 intorte,
1323 2611 1431 2653 versus

292 2676 384 2741 basin
406 2686 574 2757 aperturae
592 2684 747 2753 truncete3
772 2687 917 2755 apertura
940 2674 1034 2737 ovelis
1056 2675 1105 2736 vel
1127 2672 1271 2755 oblonga,
1298 2695 1431 2757 superne

238 2782 245 2789 ·
292 2763 454 2845 angulum
469 2759 577 2841 periet.
591 2758 739 2838 simplex,
754 2771 888 2823 acutum.
907 2760 1012 2841 (Spec.
1029 2758 1089 2821 vid.
1106 2760 1165 2821 vol.
1181 2760 1228 2837 ll.)

335 2862 483 2927 Malim
495 2862 579 2923 Lon.
595 2862 691 2921 Prode.
706 2864 789 2920 el'une
803 2882 889 2923 noue.
904 2866 986 2921 class.
1002 2864 1052 2921 des
1068 2883 1129 2939 ceu.
1150 2868 1238 2922 4790.

385 2982 422 2995 -
495 2944 606 3009 &mter
618 2952 707 3022 regne
723 2948 822 3006 enimel
836 2952 867 3006 ll.
882 2969 908 3025 p.
928 2952 996 3007 400.
1013 2950 1077 3019 (Ed.
1093 2951 1176 3025 lloigt
1189 2952 1230 3007 lll.
1247 2972 1272 3026 p¹
1291 2956 1353 3017 98.)

385 3066 421 3079 -
493 3032 578 3093 [Μ.
592 3033 658 3090 hist.
671 3036 714 3090 lll.
730 3038 756 3089 2.
773 3054 800 3108 p.
821 3038 887 3092 tto.
903 3034 1127 3091 educentur.
1146 3054 1172 3110 p.
1190 3040 1261 3094 293.

384 3152 421 3163 -
492 3115 838 3179 almissimam.
855 3128 908 3175 nat.
924 3122 944 3175 l.
960 3120 1050 3195 suppl.
1071 3139 1098 3195 p.
1116 3124 1165 3178 78.
1183 3121 1235 3177 vol.
1254 3124 1301 3177 04,
1318 3142 1344 3194 p.
1359 3125 1429 3177 940.

385 3236 421 3249 -
497 3199 645 3281 09909999
658 3204 687 3260 in
700 3204 813 3277 Encycl.
829 3206 905 3263 moth
921 3206 949 3261 ΙΙ.
967 3222 993 3279 p.
1011 3211 1037 3261 8.

384 3320 420 3333 -
496 3288 605 3349 Kt'e‘tler
618 3288 648 3345 in
662 3288 777 3346 Chemn.
792 3289 836 3345 cd.
852 3291 882 3345 ll.
903 3291 957 3347 vol.
973 3292 983 3345 l
1007 3292 1080 3348 Sect.
1101 3294 1146 3345 43.

338 3376 418 3433 Coni.
433 3376 691 3431 llcrrmennsen
705 3372 761 3430 ind.
776 3376 795 3430 l.
811 3394 837 3449 p.
855 3378 967 3431 0-48.

379 3473 487 3535 Genus
501 3472 621 3535 Bulimo
636 3471 727 3535 valde
741 3472 831 3535 elfine
852 3483 884 3536 et
898 3473 1045 3537 transitus
1061 3472 1254 3533 insensibiles
1270 3473 1428 3534 cullibens.

295 3560 423 3639 Species
438 3560 574 3641 primum
589 3567 681 3620 notae
695 3577 713 3619 a
727 3557 883 3621 veteribus
898 3569 963 3619 tum
979 3556 1094 3637 Bullec,
1116 3566 1180 3619 tum
1202 3558 1349 3635 Ruscino,
1370 3558 1428 3619 lle-

296 3642 345 3705 lici
365 3656 396 3707 et
415 3644 546 3707 Volutee
568 3641 743 3724 adscriptae
768 3652 849 3705 sunt.
886 3642 1092 3723 Bruguiere
1114 3660 1166 3704 ces
1188 3643 1217 3703 in
1240 3661 1351 3723 genere
1374 3660 1429 3703 suo

298 3728 404 3791 llnlimi
427 3730 624 3791 enumeravit
648 3738 679 3790 et
697 3728 915 3810 llumphrey
935 3728 1055 3807 primus
1080 3728 1160 3790 4797
1184 3747 1236 3791 cas
1262 3728 1294 3787 in
1316 3744 1428 3809 genere

299 3812 438 3877 (lem
465 3832 632 3897 separasse
659 3812 792 3877 videtur.
839 3813 1020 3874 Lemarclr
1055 3824 1156 3876 autern
1188 3830 1280 3875 verus
1309 3813 1428 3893 generis

297 3898 455 3961 Aclrotmcc
468 3909 578 3962 auctor
592 3909 653 3977 cst,
668 3900 784 3979 quippe
799 3900 850 3979 qui
872 3898 943 3977 fiam
961 3899 1058 3977 4799)
1077 3899 1206 3981 primam
1222 3897 1427 3961 definitionem

297 3984 496 4047 scientificam
517 3984 688 4065 proposuit.
723 3984 936 4045 Ferussecii
963 3983 1135 4063 subgenere
1155 3983 1279 4045 llelicis:
1308 3982 1428 4045 0994444-

296 4076 372 4133 tono
384 4082 417 4133 et
431 4068 609 4149 0994449999
623 4067 748 4131 eesdcm
763 4068 914 4131 sectiones
936 4070 1060 4145 sistunt,
1085 4086 1163 4148 ques
1187 4066 1325 4151 plerique
1347 4088 1427 4131 nunc

297 4155 471 4217 nominibus
484 4152 644 4216 4949444999
657 4164 689 4215 94
704 4150 867 4216 Gtmreoe
881 4152 1043 4235 designare
1058 4152 1165 4215 solent.
1198 4154 1360 4217 Praeterea
1376 4172 1428 4235 ge-

296 4256 368 4303 nera
394 4250 427 4301 et
452 4239 627 4319 subgenere
653 4238 797 4313 eliorum,
825 4256 914 4299 arno
939 4238 1130 4316 lenerents,
1156 4241 1314 4319 sequentis
1340 4247 1426 4300 sunt:

296 4323 465 4400 Amnum,
496 4322 621 4406 lieren,
648 4322 836 4407 Pulpphcnuu
862 4325 964 4384 llonti.
993 4322 1073 4383 4840
1101 4358 1140 4367 -
1170 4324 1311 4386 &lunone
1334 4323 1428 4404 Perrp

302 4410 372 4473 l8ll
394 4444 435 4455 -
453 4408 606 4471 Glmtdirto
615 4410 823 4473 Schumeclner
838 4408 972 4470 4847-
988 4406 1051 4467 Zuo
1064 4410 1163 4471 Leaclt
1181 4410 1261 4472 lesu
1275 4444 1315 4454 -
1329 4408 1427 4471 Coct—

296 4491 405 4577 48999,
421 4494 557 4571 Aciculo,
583 4494 769 4569 seneen,
796 4492 960 4557 ventremus
975 4499 1006 4555 et
1023 4490 1169 4573 Peperit)
1184 4494 1272 4557 ltisso
1290 4494 1371 4555 4888
1388 4528 1425 4537 -

298 4578 432 4641 smnelln
455 4580 585 4663 letireys
612 4582 694 4645 4880
711 4614 747 4625 -
767 4576 911 4661 Stplcides
934 4576 1086 4657 Fitzingor
1111 4581 1190 4641 4833
1214 4614 1254 4623 -
1279 4576 1428 4651 clusino,
