3650 5517
408 662 462 721 XX
832 662 1097 724 lNTRODUCTlO.

406 832 471 911 pis:
488 832 693 910 peristomatis
708 832 897 912 marginibus
912 832 1123 911 inaequalibus
1140 866 1177 876 -
1196 830 1235 892 ab
1255 830 1424 892 Achatinis:
1452 830 1536 891 culu-

408 916 497 976 mella
523 934 679 997 nunquam
704 917 853 995 involuta,
879 936 937 979 uec
960 937 1033 978 vere
1058 927 1211 995 truncata,
1239 924 1296 978 etc.
1335 913 1397 975 Sed
1422 916 1537 976 lormae

408 998 606 1063 intermediae
622 1001 737 1081 ubique
760 1000 887 1079 adsunt,
913 1021 993 1082 quae
1016 1001 1175 1083 diagnosin
1195 1012 1332 1064 exactam
1354 1001 1474 1079 generis
1496 1000 1537 1061 ab

407 1087 482 1162 istis,
499 1104 557 1146 nec
571 1104 633 1146 non
647 1086 686 1145 ab
700 1086 898 1164 Achatinella,
913 1087 1014 1164 Balsa,
1031 1089 1122 1148 immo
1138 1107 1155 1150 3
1168 1085 1349 1168 Cylindrella
1362 1085 1536 1165 probibent.

406 1172 509 1243 Quare
524 1170 716 1232 characteres
731 1174 862 1251 generisi
878 1191 895 1234 a
918 1192 965 1233 me
986 1174 1147 1251 praemissi
1170 1191 1295 1251 semper
1314 1181 1422 1251 typum
1443 1168 1536 1230 modo

407 1258 527 1335 generis
547 1256 708 1333 exhibent,
734 1260 781 1319 cui
803 1258 924 1337 species
945 1257 1124 1321 aberrantes
1145 1257 1241 1337 magis
1263 1258 1403 1317 minusve
1428 1265 1536 1316 exacte

407 1339 545 1421 adaptari
559 1350 698 1422 possunt.
1321 1410 1323 1414 ἲ

492 1425 595 1488 63335
610 1446 627 1488 3
643 1447 693 1489 me
707 1426 885 1507 adoptatum
901 1429 1060 1506 sequentia
1083 1427 1312 1509 complectitur:
1332 1425 1452 1504 species
1467 1425 1536 1485 lle-

407 1510 486 1584 lieis,
503 1510 622 1587 4434433,
645 1512 779 1588 Buceim',
807 1512 941 1574 Turbiuis
956 1514 1054 1589 lion,
1076 1513 1218 1589 Chemm,
1240 1509 1536 1587 Mult.,G1nel.eto.,

406 1597 527 1677 species
552 1596 664 1657 Bulirni
690 1599 778 1674 Brug.
792 1598 830 1675 *),
853 1596 982 1659 Bulimos
1007 1599 1174 1659 Lenrarekii
1200 1594 1347 1674 (exclusis
1373 1594 1537 1673 nonnulliS,

406 1682 510 1761 Pupae
525 1690 555 1743 et
568 1680 733 1741 Achatinae
748 1682 1004 1760 adnumerandis,
1020 1684 1144 1745 inclusis
1159 1692 1262 1744 autem
1278 1680 1416 1760 eJ'usdem
1432 1690 1535 1741 aueto-

407 1766 449 1826 ris
477 1764 630 1827 Auriculis
656 1768 837 1844 nonnullis),
867 1768 976 1830 Helieis
1004 1769 1070 1829 Fer.
1100 1768 1285 1847 subgenera:
1318 1764 1536 1845 Cochlostplum,

408 1849 612 1912 Coclilicellum
627 1861 657 1913 ct
670 1851 892 1933 Coclilopeuum,
908 1872 965 1914 nee
981 1872 1041 1913 non
1053 1873 1149 1932 genus
1165 1851 1315 1913 Portadmu
1325 1852 1391 1912 Fer.
1404 1862 1434 1912 et
1446 1851 1536 1911 Auct.

405 1934 491 2015 Angl.
508 1936 560 2010 (ex
574 1955 702 1997 erronea
717 1936 931 1999 obseruatione
952 1939 1107 2016 animalis,
1129 1936 1246 2017 quodi
1263 1934 1353 1997 modo
1374 1935 1537 1997 tentaculis

406 2019 580 2099 praeditum
596 2020 710 2082 dietum
726 2034 805 2100 erat,
825 2026 947 2100 ortum).
965 2056 1002 2066 —
1021 2025 1179 2085 Praeterea
1196 2040 1292 2102 genus
1307 2040 1345 2081 ex
1361 2021 1538 2099 Bruguierei

406 2114 545 2186 tempore
560 2108 644 2167 vario
662 2106 751 2167 modo
768 2108 901 2169 divisum
917 2120 947 2170 et
962 2108 1158 2170 dilaceratum
1176 2116 1231 2169 est.
1267 2107 1386 2167 Genera
1409 2115 1440 2166 et
1460 2103 1536 2165 sub-

406 2208 532 2269 genera,
549 2210 629 2270 quae
644 2211 662 2251 a
676 2192 801 2252 Bulimis
816 2195 954 2273 separari
970 2212 1029 2253 nun
1044 2212 1135 2273 posse
1147 2192 1252 2269 credo,
1274 2201 1346 2252 sunt
1361 2191 1535 2271 sequentia:

407 2274 571 2337 Bulimulus
582 2278 677 2337 leuch
693 2279 773 2338 l8ll
792 2312 829 2321 —
847 2277 1036 2340 Limieolnria
1047 2278 1255 2339 Schumacher
1268 2277 1349 2337 t8t7
1364 2309 1401 2318 -
1414 2274 1535 2349 Elismu,

406 2361 471 2421 Ena
486 2362 582 2422 Leaclr
601 2364 680 2423 4830
701 2401 737 2407 -
756 2362 916 2424 llemt'loma
934 2364 1027 2424 llasrn.
1044 2363 1088 2440 [4)
1107 2366 1187 2424 4830
1205 2396 1244 2405 -
1262 2358 1448 2434 Coclilieella,
1467 2361 1535 2419 Bu-

406 2445 537 2521 limulus,
553 2446 693 2523 Rumina,
712 2447 844 2509 04444333
858 2449 945 2509 Ilisso
962 2450 1043 2509 4836
1059 2483 1102 2493 -
1119 2445 1362 2527 Strophoclieilus,
1379 2444 1537 2518 lt'ooicula,

409 2531 508 2607 Auris,
541 2532 697 2609 Columna,
727 2534 910 2595 Stenostoma
931 2534 1007 2613 Spix
1032 2533 1112 2594 4837
1130 2568 1168 2578 -
1186 2534 1436 2604 llucrocerurnus,
1462 2530 1535 2591 Ple-

407 2614 551 2677 lroeheilus
574 2616 717 2698 Guilding
744 2620 824 2679 4838
841 2653 882 2663 -
897 2618 1072 2694 Peristomu,
1100 2617 1252 2679 Choudrus
1275 2618 1367 2696 Kryn.
1397 2617 1477 2677 4833
1493 2650 1536 2659 -

408 2702 564 2781 Cylindrus
576 2704 727 2781 Fitzinger
741 2706 821 2764 4833
834 2738 876 2748 -
887 2704 1046 2784 Lonpoevu
1059 2704 1159 2765 lllllhll.
1174 2738 1212 2748 -
1228 2700 1409 2782 Orthostylus
1424 2700 1536 2781 (pars),
1588 2778 1593 2784 ι

408 2787 556 2859 Batinus,
589 2789 810 2866 Gonyostomus,
843 2789 1076 2863 Odoatostomus,
1109 2786 1337 2861 Peleloclieilus,
1366 2787 1537 2861 Otostoinus,

408 2871 580 2952 mctyotm,
603 2872 794 2954 Plocostplus,
821 2873 973 2950 Portulus,
1002 2874 1203 2955 Pleclostplus,
1232 2866 1411 2946 Orllulicus,
1437 2871 1536 2931 Liuii-

407 2956 552 3033 eolms'us,
571 2956 733 3034 obeliscus,
752 2958 956 3035 Cocaliccllus,
973 2958 1151 3033 Bulimulus,
1168 2958 1341 3033 Buliminus,
1359 2955 1536 3035 Brepliulus,

408 3042 530 3117 llustus,
558 3043 808 3119 llacroeermuus,
838 3044 1020 3121 Cleudruln,
1051 3043 1259 3125 Cyclodonliuu
1281 3043 1362 3103 Beck
1389 3041 1469 3103 4837
1494 3076 1534 3085 —-

408 3126 590 3208 Merdt'pera,
612 3128 736 3190 Zebriuo
752 3140 782 3191 et
799 3129 940 3191 Gonodou
953 3129 1030 3189 Held
1047 3132 1126 3191 4837
1147 3165 1182 3173 -
1199 3126 1363 3189 Buliinulus
1377 3137 1407 3188 et
1421 3127 1537 3187 Eurore

407 3213 461 3291 Ag.
489 3223 520 3273 et
544 3214 654 3294 Cliarp.
682 3216 762 3276 4837
792 3251 829 3259 -
858 3214 1031 3294 lptholslioe
1058 3216 1114 3292 (4),
1143 3212 1357 3287 Moerodonlm,
1385 3211 1537 3286 43343343,

407 3297 556 3374 Bulimus,
587 3294 763 3375 Bulimulus,
791 3301 976 3380 Leptospiru,
1005 3299 1188 3361 Geniostomn
1209 3299 1370 3360 Swainson
1396 3298 1476 3358 4840
1495 3332 1535 3341 -

408 3382 624 3444 Helieobulinus
633 3384 780 3465 Broderip
798 3387 890 3447 4840.
904 3420 943 3430 -
957 3386 1134 3465 Subgcnera
1151 3404 1166 3445 a
1184 3386 1315 3445 llartm.
1332 3383 1438 3457 (4840.
1455 3383 1537 3461 Syst.

407 3468 550 3546 Uebers.)
566 3481 757 3532 enumerata:
784 3472 889 3552 Lycto,
904 3472 984 3545 Euo,
1002 3471 1110 3545 Aescu,
1135 3467 1304 3543 Follieulus,
1324 3466 1451 3541 Belmtis,
1469 3469 1537 3527 llu-

408 3554 501 3627 minu,
534 3554 721 3630 Coclilicello,
751 3558 861 3635 partim
893 3555 932 3617 ad
959 3555 1123 3628 Bulimum,
1154 3556 1265 3635 partim
1291 3550 1330 3613 ad
1357 3552 1537 3615 Achatioam

409 3638 568 3701 reserenda
583 3649 665 3700 sunt.

495 3726 622 3804 Species
637 3726 666 3784 43
683 3724 752 3785 libri
767 3727 826 3785 mei
844 3727 899 3786 rol.
917 3728 947 3786 ll.
965 3727 1132 3787 recensitae
1147 3744 1183 3783 rr
1202 3732 1367 3803 systemate
1389 3740 1472 3781 more
1487 3740 1538 3781 ar-

409 3810 521 3872 tificiali
537 3810 694 3872 ordinatae
709 3820 788 3871 sunt.

921 3970 946 4045 5.
972 3970 1021 4028 ra.

731 4083 774 4137 x.
801 4081 1217 4139 nouuneuaflwntmou

497 4171 587 4233 Testa
608 4174 817 4254 imperterrita,
843 4173 1072 4251 bufimiiormis3
1097 4171 1255 4235 columella
1277 4170 1342 4231 basi
1367 4170 1413 4231 vel
1437 4168 1541 4231 medio

411 4258 442 4318 43
464 4255 588 4319 dentem
612 4258 759 4337 validum,
785 4258 937 4322 interdum
958 4270 1084 4339 tortum,
1110 4258 1348 4321 lamellilormom
1375 4254 1541 4336 producta;

481 4416 500 4469 ⁸)
513 4415 599 4464 Genus
611 4415 700 4465 Bulimi
711 4416 928 4481 Bruguiereuuum
947 4415 1129 4466 diversissimus
1146 4412 1338 4475 comprehendit
1353 4416 1441 4467 testas,
1462 4408 1541 4457 hodie

412 4485 549 4546 generibus
561 4484 669 4545 Bulimo,
681 4487 860 4549 ampullarius,
874 4487 1051 4549 Amphibolae,
1065 4486 1165 4546 Pupae,
1179 4484 1326 4541 laimoeeee,
1339 4480 1427 4529 334433
1439 4480 1541 4535 Adane..

411 4555 565 4616 Suceioeae,
577 4557 791 4619 Amphipepleae,
809 4557 946 4616 Melaniae,
965 4556 1100 4621 Curyclrio,
1119 4554 1267 4612 ⁸leliatinae,
1288 4550 1440 4611 llelanopsi,
1461 4548 1542 4597 Chili-

412 4639 473 4684 nue,
494 4624 664 4680 Tornotellue,
684 4627 825 4686 »luriculae¹
848 4627 983 4688 Podipodi,
1002 4627 1167 4690 Polyrlontar,
1188 4622 1334 4680 illarrsiliar,
1356 4619 1541 4683 l’yramidellae

411 4695 600 4745 adscribendos.
