3650 5517
667 1568 1072 1651 Puturtrto.

301 1786 433 1871 Librum
463 1808 533 1871 'libi
563 1808 672 1888 oll'ero,
705 1809 855 1873 benevole
884 1808 993 1873 lectori
1029 1828 1046 1869 o
1076 1806 1186 1871 studiis
1216 1820 1247 1873 ot
1275 1806 1433 1871 laboribus

300 1910 432 1973 assiduis
463 1910 631 1973 multorum
659 1928 810 1975 annorum
838 1921 958 1991 ortum,
988 1913 1018 1973 iu
1049 1930 1110 1993 quo
1138 1914 1255 1989 omnia,
1285 1930 1364 1993 quae
1394 1910 1434 1973 de

300 2013 408 2076 tamdia
434 2014 630 2075 lleliceorum
654 2012 694 2074 ad
719 2012 802 2076 bunc
827 2013 908 2076 diem
935 2014 1008 2076 mihi
1035 2014 1230 2077 inuoluerunt
1246 2050 1281 2057 -
1301 2014 1434 2077 exclusis

301 2114 480 2195 speciebus,
505 2134 585 2197 quoe
598 2126 681 2178 statu
694 2115 789 2177 fossili
803 2116 995 2179 solummodo
1010 2116 1149 2197 cognitae
1163 2126 1236 2179 suut
1248 2152 1305 2193 -,
1325 2114 1434 2179 ordine

301 2219 498 2297 systematico
514 2216 654 2299 redigere
668 2217 801 2298 suscepi.
834 2220 996 2283 llaximam
1013 2228 1132 2301 partem
1149 2219 1338 2299 specierum,
1356 2236 1433 2301 quas

302 2318 473 2400 descriptas
490 2320 644 2399 iuvenies,
669 2320 791 2399 ipsein
812 2319 990 2384 collectione
1010 2338 1118 2397 servo,
1144 2320 1330 2403 permultas,
1356 2340 1433 2403 quas

301 2420 434 2484 noudum
450 2419 613 2503 possideo,
638 2422 670 2483 io
683 2422 828 2499 lluseeis,
851 2424 1018 2506 praecipue
1033 2422 1294 2503 Loudioensibus,
1316 2424 1433 2486 exami-

300 2525 366 2585 navi
387 2534 422 2585 et
442 2542 559 2603 noves,
585 2520 728 2585 metbodo
753 2522 916 2605 adoptatae
942 2542 1111 2605 congruas,
1137 2524 1300 2605 diagnoses
1326 2544 1432 2587 earum

299 2627 482 2707 mompsi.
516 2624 585 2687 llles
599 2627 735 2707 species,
751 2645 829 2708 ques
843 2624 1031 2686 sufficienter
1045 2634 1152 2687 exacte
1167 2626 1344 2687 examinare
1359 2628 1431 2689 mibi

300 2746 356 2791 nou
377 2728 522 2809 contigit,
547 2745 617 2789 cum
637 2728 799 2809 comparia
819 2726 956 2788 auctoris
978 2724 1185 2809 descriptione
1201 2746 1251 2803 eo,
1273 2728 1325 2809 qui
1342 2738 1432 2809 aptus

299 2830 370 2890 mibi
390 2828 577 2908 videbatur,
601 2828 668 2891 loco
688 2828 821 2909 inserui,
845 2828 1032 2909 signoque†
1053 2828 1165 2891 notavi.
1210 2828 1337 2892 Caldam
1361 2830 1431 2891 reli-

299 2948 428 3011 quarum
448 2928 645 3014 descriptioni
660 2930 874 2995 iudicationem
889 2929 985 3010 adjeci
998 2930 1124 3009 llusaei,
1141 2932 1171 2994 iu
1187 2951 1247 3013 quo
1263 2934 1431 3015 specimina

300 3034 398 3113 typice
420 3034 635 3113 reperiuntur,
660 3032 709 3097 vel
734 3050 912 3110 numerum,
939 3032 997 3093 sub
1024 3052 1084 3115 quo
1109 3034 1140 3095 in
1164 3032 1342 3097 collectione
1364 3056 1431 3099 moa

300 3146 475 3197 serrantur.

382 3238 616 3319 synonyudem,
630 3249 779 3321 qmutom
791 3238 857 3300 lieri
871 3248 1005 3319 potarat,
1021 3234 1204 3318 completum
1219 3236 1301 3315 dedi,
1316 3239 1430 3301 omissa

301 3346 418 3418 umen,
444 3358 508 3419 quo
522 3342 622 3421 spatio
641 3358 816 3421 parcerem,
841 3358 1081 3422 synonymorum
1103 3338 1308 3421 antiquiorum
1330 3350 1361 3403 et
1382 3358 1431 3403 re-

302 3441 470 3502 centiorum
486 3442 573 3523 copia
589 3462 607 3505 a
622 3442 825 3521 Cbemuitzio,
840 3442 1017 3504 Lamarclrlo
1033 3452 1064 3505 et
1078 3438 1266 3521 Desbayesio
1275 3442 1339 3521 jam
1355 3443 1430 3505 cita-

300 3551 409 3603 torum.
452 3544 498 3605 Ea
526 3554 645 3609 tanturn
671 3564 711 3607 ex
735 3542 795 3605 illis
819 3544 911 3605 citeri
941 3561 1048 3625 opera,
1079 3560 1159 3623 quae
1187 3540 1226 3603 ad
1256 3544 1429 3623 specierum

301 3644 504 3723 coguitionem
524 3647 745 3708 accuratiorem
766 3655 820 3708 aut
844 3644 1105 3726 descriptionibus
1131 3655 1184 3708 aut
1209 3644 1314 3725 liguris
1340 3644 1431 3707 bouis

302 3746 414 3808 utiliter
427 3749 567 3809 conterre
581 3756 725 3828 possunt,
743 3746 792 3809 vel
807 3748 931 3809 nomine
945 3746 1069 3809 diverso
1085 3748 1205 3827 species
1220 3746 1429 3829 designarunt.

380 3850 543 3912 lleusurae
557 3848 746 3931 singularum
766 3848 939 3930 specierum
960 3850 990 3910 in
1013 3849 1192 3911 uuiversum
1214 3868 1232 3911 e
1252 3848 1428 3931 specimini-

302 3948 357 4010 bus
370 3953 486 4033 typicis
500 3950 661 4015 desumtae
681 3961 768 4029 suut,
793 3960 828 4013 ut
841 3952 1057 4031 proportiones
1072 3948 1268 4032 longitudinis
1282 3960 1314 4013 et
1326 3949 1428 4012 latitu-

302 4048 394 4129 dinis,
416 4052 466 4115 rel
481 4051 623 4115 diametri
639 4053 778 4133 majoris,
802 4052 929 4114 minoris
944 4062 975 4115 et
989 4050 1173 4129 altitudinis,
1194 4052 1242 4114 vel
1257 4062 1428 4134 aperturae,

301 4152 338 4213 ad
350 4156 523 4235 specimine
538 4160 652 4237 majora
670 4156 721 4217 rel
742 4156 858 4217 minora
879 4153 965 4216 laclle
987 4152 1094 4215 reduci
1116 4156 1243 4237 possint.
1287 4156 1429 4217 lleosnra

300 4270 374 4317 usus
387 4272 457 4317 sum
472 4276 490 4318 a
505 4256 599 4321 Gallis
613 4276 697 4320 nuuc
709 4254 924 4320 universaliter
938 4254 1098 4337 adoptata,
1114 4258 1230 4340 quippe
1245 4274 1324 4339 quae
1340 4256 1428 4319 unica

302 4354 488 4421 invariabilis
501 4368 534 4423 et
547 4360 663 4443 ubiqrre
676 4368 747 4423 uota
762 4358 836 4421 mibi
858 4357 1029 4421 videbatur.
1066 4358 1224 4423 llationem
1245 4376 1428 4441 progressus

301 4456 487 4521 colnacum
514 4463 605 4537 (ocul.
626 4464 686 4525 Pir.
711 4459 818 4543 Symb.
839 4462 873 4523 ll.
900 4480 929 4541 p.
952 4462 997 4537 6.)
1024 4460 1054 4523 io
1081 4460 1138 4525 illis
1164 4462 1287 4525 casibus
1313 4458 1427 4535 addidi,

301 4558 412 4635 quibus
425 4559 466 4621 sd
480 4559 704 4643 dignoscendas
719 4564 839 4645 species
852 4563 961 4625 allines
977 4564 1100 4641 majoris
1116 4564 1261 4627 morirenti
1274 4584 1341 4626 eam
1358 4582 1432 4627 esse

301 4659 469 4723 observari.
