3650 5517
618 1296 1110 1379 lNTRODUCTIO.

819 1514 846 1591 5.
872 1515 899 1573 t.

514 1660 712 1719 hamne
735 1663 988 1722 leuceoron
1017 1661 1206 1721 definitio.

289 1794 413 1873 Helicen
445 1811 506 1887 (so.
535 1808 695 1887 Mollusca)
725 1810 797 1871 mihi
826 1820 899 1873 sunt
927 1810 1037 1873 iamilia
1073 1812 1168 1875 altera
1198 1812 1424 1893 Gastropodunr

289 1894 532 1976 coelopnoornm
545 1903 829 1975 gymnostomorum
852 1906 1072 1959 tetraccrorum
1092 1898 1191 1973 (Conl.
1206 1898 1264 1959 Pir.
1281 1897 1387 1979 Symb.
1403 1898 1423 1960 l.

290 2000 317 2059 p.
334 1982 395 2059 i.)
416 1978 657 2042 characteribus
672 1980 874 2059 sequentibus
888 1980 929 2042 ab
941 1982 1084 2045 omnibns
1100 1982 1165 2045 aliis
1181 1982 1337 2045 distincta:

370 2064 497 2127 Animal
511 2063 811 2145 hermaphroditum,
826 2074 930 2127 aerem
945 2066 1143 2157 pulmonibus
1157 2068 1295 2147 spirans,
1311 2066 1424 2149 cepha-

292 2150 468 2246 lopbomrn‚
496 2149 705 2213 tentaculisl
727 2150 946 2227 retractilibus,
971 2146 1182 2232 superioribus
1207 2154 1225 2215 3
1249 2152 1424 2233 majoribus

293 2235 376 2315 epioe
395 2234 545 2311 oculatis,
572 2234 767 2297 inferioribus
788 2236 808 2296 3
828 2196 1000 2297 minoribus
1020 2236 1066 2313 (in
1086 2236 1250 2319 speciebus
1271 2238 1423 2301 nonnullis

295 2320 416 2383 minutis
430 2320 557 2400 generis
571 2318 680 2399 Pupae
693 2337 719 2380 s
733 2320 896 2401 vertiginis
916 2318 987 2401 [sod
1003 2340 1063 2383 non
1078 2323 1109 2383 in
1124 2320 1288 2403 speciebus
1303 2325 1424 2413 generis

296 2404 433 2467 ianuae
447 2408 515 2467 uer.
521 2402 533 2485 ]
549 2404 602 2466 vix
619 2404 792 2485 conspicuis
809 2404 857 2465 vel
872 2404 1057 2484 obsoletis)
1048 2416 1247 2486 instructum,
1267 2405 1348 2471 solea
1363 2409 1422 2470 lata

296 2489 430 2585 corporis
444 2488 591 2572 glutinosi
605 2506 727 2569 repens,
741 2490 937 2553 visceribus'
928 2508 959 2553 ιιι
975 2509 1051 2553 cono
1067 2488 1179 2555 dorsali
1195 2492 1311 2573 spirali,
1327 2494 1423 2574 magis

296 2574 434 2636 minusve
448 2574 606 2656 elongato,
622 2582 700 2637 testa
715 2573 819 2653 spirali
836 2576 953 2637 munito
962 2576 1103 2655 ‚positis
1149 2626 1156 2641 .

375 2659 528 2734 iunceo,
552 2658 687 2738 priorem
702 2657 840 2737 ejusdem
863 2659 975 2721 Tribus
996 2660 1257 2738 (Tetracororum)
1279 2660 1422 2723 familiam

295 2744 446 2820 sistentia,
472 2742 566 2807 modo
591 2752 671 2805 testa
691 2743 796 2823 spirali
819 2744 979 2807 deficiente
1007 2744 1055 2807 vel
1075 2744 1211 2807 obsoleta
1233 2746 1273 2809 ab
1294 2744 1422 2807 Helieeis

295 2828 413 2891 diversa
429 2838 520 2907 sunt,
546 2827 686 2908 reliquae
709 2838 810 2891 autem
832 2829 1074 2910 Coelopnoorum
1096 2850 1157 2893 non
1178 2832 1420 2912 opereulatorum

297 2914 439 2994 iamiliae,
464 2914 581 2976 tribum
597 2912 773 2975 Dicerorum
789 2915 1022 2991 constituentes,
1047 2915 1210 2979 tentaculis
1226 2920 1245 2979 3
1261 2916 1421 2979 contracti-

297 2998 371 3059 libus
392 3000 467 3074 (nec
482 2996 719 3076 renuentibus),
745 2997 812 3059 basi
834 2999 953 3061 interna
974 2998 1196 3079 (Auricnlocen)
1222 3000 1270 3065 vol
1294 3011 1420 3065 extema

297 3082 514 3164 (lamecen)
529 3082 660 3147 oculatis
674 3080 760 3145 facile
777 3081 1015 3165 distinguuntur.

816 3254 843 3333 ς.
866 3256 895 3316 ι.

646 3383 864 3454 omnm
878 3384 1069 3445 ῐιιιιΙΙΙιο.

375 3490 499 3554 Familia
525 3499 631 3553 nostra
661 3492 725 3554 lero
753 3492 793 3555 ab
822 3494 966 3556 omnibus
994 3492 1169 3555 auctoribus
1198 3492 1421 3555 recentioribus

296 3576 400 3638 eodem
418 3578 465 3639 vel
479 3578 588 3638 latiore
602 3594 697 3638 sensu
711 3576 869 3659 adoptata,
885 3575 941 3641 sed
958 3578 1049 3639 variis
1064 3578 1239 3641 nominibus
1255 3577 1421 3659 designata,

298 3661 544 3743 sarioqnemodo
560 3658 660 3724 divisa
674 3671 737 3725 est:
833 3670 839 3683 ‘

378 3749 407 3825 l)
426 3748 471 3809 Cl.
493 3745 751 3827 Draparnaud
773 3748 853 3808 tatu
875 3747 964 3824 (illst
988 3757 1050 3812 nat.
1074 3766 1103 3828 p.
1119 3748 1169 3810 33.
1176 3750 1199 3827 ),
1221 3746 1274 3829 qui
1289 3748 1419 3809 nomini-

297 3828 351 3891 bus
364 3830 544 3893 lamiliarum
563 3829 699 3893 nondum
720 3850 796 3895 usus
815 3841 878 3910 est,
903 3832 1094 3933 Gastropoda
1114 3840 1192 3895 testa
1214 3830 1419 3914 inoperculata

298 3916 357 3978 'vel
372 3918 467 3995 nulla)
481 3918 640 3979 terrestria
655 3878 948 3999 quadritentacblata
963 3916 1090 3980 divisit
1081 3936 1127 3980 m:
1149 3936 1177 3978 o.
1193 3916 1274 3978 nudo
1294 3918 1418 3998 (gennsz

299 4000 496 4079 [immetb.
512 4002 864 4083 exconsummata:
880 4003 1062 4081 Testaeella‚
1077 4005 1205 4079 Vitrina,
1225 4001 1327 4077 Helix,
1343 4004 1419 4064 Suc·

299 4085 393 4164 unca,
412 4088 564 4161 Bulimus,
585 4089 686 4169 Pupa,
711 4086 937 4166 Glausilia)—
960 4088 1063 4151 Sectio
1082 4087 1175 4150 altera
1198 4086 1290 4165 (excl.
1313 4088 1418 4150 Tosta-

300 4170 382 4248 nella)
396 4198 441 4225 =
453 4172 574 4234 llelieea
589 4173 710 4236 emend.

375 4258 404 4334 2)
423 4258 545 4319 Primus
565 4258 611 4320 Cl.
633 4258 810 4320 Lamarclr
834 4256 1019 4335 tanstulit.
1037 4256 1125 4335 zoni.)
1146 4257 1205 4319 sub
1219 4258 1341 4319 nomine
1356 4254 1418 4339 gal-

301 4336 365 4402 lico:
380 4340 564 4425 columne-4³,
585 4343 729 4405 lamiliam
745 4344 902 4407 constituit
922 4344 1052 4425 primam
1074 4340 1299 4423 Gastropodum
1320 4342 1419 4423 spira·

301 4420 364 4486 lium
378 4427 497 4509 absque
511 4427 658 4507 siphone,
678 4446 792 4510 genera
814 4427 1066 4509 complectentem
1081 4428 1255 4509 sequentia:
1277 4425 1419 4501 llelicem,

301 4510 567 4591 lnpbibulimnm,
589 4511 807 4593 lielicinam'),
826 4512 1021 4591 Acbatinam,
1043 4512 1210 4590 Bnlimum,
1234 4514 1361 4593 Pupam.
1379 4544 1418 4555 -

534 4626 654 4635 -κ

358 4670 377 4725 'l
387 4668 426 4719 lle
436 4669 572 4721 lidiciuec
585 4669 693 4719 animula
705 4681 731 4719 et
742 4669 865 4733 operculo
876 4669 918 4720 illo
929 4676 1043 4731 tompore
1056 4666 1114 4717 nibil
1128 4665 1255 4729 cognitum
1268 4676 1327 4715 orat.
