3650 5517
444 660 495 721 xtt
880 660 1144 721 lN'lliODUCTlO.

443 840 506 909 est,
531 832 626 892 immo
647 831 750 891 lorsan
770 829 976 911 impossihile,
1002 830 1255 893 circumscribere
1277 832 1352 892 haec
1373 850 1485 911 genera
1501 833 1574 893 cha-

444 916 615 977 racteribus
628 924 692 977 tam
707 916 838 993 exactis,
865 927 899 978 ut
918 916 1039 997 speeies
1062 914 1143 977 nulla
1165 916 1309 997 ambigua
1324 927 1481 981 remaneat
1495 920 1577 981 inter

466 1000 531 1061 lura
568 1018 669 1062 encra.

442 1021 464 1081 p
528 1020 677 1147 Nbonulla
692 1104 803 1167 genera
819 1086 859 1147 ab
874 1088 1052 1147 auctoribus
1066 1088 1225 1167 proposita
1239 1097 1324 1162 sunt,
1340 1105 1420 1167 quae
1434 1089 1575 1151 animalis

442 1179 595 1233 structura
620 1170 701 1232 hene
726 1170 867 1233 distincta
898 1170 1056 1248 videntur,
1085 1192 1113 1233 e.
1143 1190 1188 1250 gr.
1218 1170 1402 1251 Amuphcntc
1426 1174 1573 1235 Desmoul.

442 1254 579 1335 (Noniano
595 1257 692 1337 Gray,
723 1256 932 1338 Tanyclrlcmys
949 1258 1049 1335 Bene.)
1056 1302 1065 1333 ,
1091 1256 1182 1337 pallio
1203 1256 1343 1321 laciniato
1358 1269 1388 1320 et
1407 1278 1482 1339 poro
1504 1278 1573 1320 mu-

443 1360 515 1403 coso
530 1342 586 1417 (uti
601 1342 752 1420 Arionis),
769 1343 914 1422 Stenoptu
931 1341 1042 1418 Guild,
1061 1340 1184 1403 «cauda
1201 1342 1397 1420 tentaculata,
1419 1346 1572 1406 ientaculo

442 1427 660 1503 subretractili,
675 1426 816 1506 glandula
833 1426 872 1487 ad
892 1428 981 1490 basin
1004 1428 1123 1506 positar
1149 1426 1188 1487 ab
1204 1428 1306 1489 Helice
1321 1429 1362 1473 -’-
1378 1440 1408 1491 et
1424 1429 1574 1491 Glandino

444 1511 559 1573 sctum.
566 1558 576 1589 ‚
591 1530 645 1573 ore
659 1511 925 1592 proboscidilormi
940 1512 1083 1593 bipartito
1102 1512 1142 1573 ah
1157 1512 1304 1575 Achatina
1320 1512 1471 1576 diversae.
1508 1514 1573 1577 Sed

442 1616 512 1658 cum
528 1618 565 1658 eo
579 1598 758 1678 praesertim
776 1598 901 1659 consilio
911 1597 1024 1659 librum
1036 1616 1140 1659 meum
1155 1599 1400 1680 conscripserim,
1417 1610 1449 1661 ut
1463 1618 1572 1661 omnes

441 1684 561 1764 species
575 1692 722 1744 testarum
738 1683 768 1743 in
785 1682 1015 1744 collectionibus
1032 1684 1216 1744 exstantium
1232 1685 1290 1745 rite
1310 1682 1447 1764 dignosci
1470 1695 1501 1746 et
1515 1684 1572 1747 de-

442 1769 597 1830 terminari
617 1769 751 1847 possint,
776 1769 898 1848 species
924 1787 963 1829 ex
987 1767 1126 1829 animalis
1149 1777 1302 1830 structura
1327 1769 1367 1830 ad
1388 1788 1498 1849 genera
1520 1770 1571 1831 illa

442 1854 629 1933 pertinentes
644 1854 675 1912 in
690 1853 757 1913 aliis
772 1854 937 1933 generibus
958 1853 1025 1914 loco
1046 1863 1124 1915 testa
1145 1854 1190 1913 eis
1211 1854 1362 1933 assignata
1383 1858 1571 1928 enumeravi,

442 1940 514 2018 quia
529 1937 721 2000 characteres
736 1957 796 1999 non
811 1938 963 2016 existunt,
979 1937 1092 2018 quibus
1107 1948 1185 2000 testa
1200 1938 1421 2019 hriophantae,
1436 1941 1571 2003 Naninae

442 2023 489 2083 vel
515 2022 700 2102 Stenopodis
725 2023 764 2083 ab
791 2024 892 2085 Helice
918 2022 1134 2103 distinguatur,
1161 2032 1192 2085 et
1217 2023 1411 2086 characteres
1436 2027 1570 2105 generici

442 2108 608 2170 Glandinae
624 2109 742 2189 absque
755 2108 850 2170 limite
865 2110 896 2169 in
911 2128 965 2170 eos
980 2106 1147 2171 Achatiuae
1162 2118 1333 2170 transeunt.

525 2197 626 2267 Quare
646 2212 757 2273 genera
778 2194 984 2271 lieliceorum,
1011 2194 1235 2255 Lamarckiauis
1257 2206 1405 2275 quantum
1420 2196 1485 2256 heri
1500 2207 1570 2277 pot-

441 2287 507 2340 erat
526 2279 691 2360 applicata,
717 2281 815 2360 magis
842 2280 985 2341 minusve
1005 2290 1111 2341 exacte
1132 2279 1374 2362 circumscripta,
1400 2279 1439 2341 ad
1462 2300 1570 2343 omnes

441 2364 560 2443 species
575 2364 775 2445 excipiendas
791 2384 808 2425 a
823 2382 874 2425 me
888 2362 1046 2444 adoptata,
1068 2364 1228 2444 sequentia
1244 2374 1328 2427 sunt:
1348 2365 1569 2443 Dcudelrordio,

448 2449 570 2525 Vittr'rrc,
588 2448 747 2525 Serretes,
764 2448 869 2525 Heh'sc,
884 2449 1053 2527 mamma,
1073 2449 1254 2530 Tomipems,
1279 2450 1465 2530 Sheptcaeb,
1487 2451 1569 2513 Pro-

438 2534 571 2614 serpina,
586 2533 734 2610 Baliares,
749 2534 944 2609 Acholinellc,
961 2533 1110 2611 Aebutum,
1127 2532 1251 2607 Giblras,
1268 2536 1363 2615 lbpu,
1381 2535 1568 2617 Cybhdrollo,

441 2619 533 2681 Bulec
547 2617 723 2695 (includens
738 2622 937 2701 Megaspiram
947 2624 969 2698 l,
990 2618 1185 2682 Tornotelliac
1198 2628 1229 2682 et
1244 2619 1391 2683 Cleusilic

695 2812 927 2877 Generum
976 2812 1310 2879 characteres.

983 2962 1041 3021 .l.

786 2962 1216 3132 tmjuotenutn.

522 3184 611 3245 Testa
628 3184 791 3263 perforata,
806 3203 934 3263 cornea,
951 3183 1114 3266 depressa,
1131 3186 1320 3267 paucispira,
1342 3186 1569 3249 horizontaliter

438 3279 467 3329 et
483 3267 589 3349 rapide
605 3269 754 3346 involuta,
783 3271 923 3333 anfractu
941 3270 1046 3333 ultimo
1065 3290 1247 3351 permagn03
1274 3280 1417 3353 apertura
1433 3271 1568 3353 obliqua,

436 3352 624 3433 arnplissima
642 3355 783 3435 (Species
799 3354 860 3417 vid.
877 3356 935 3417 vol.
951 3358 1008 3433 ll).

480 3455 693 3517 Doudebardtc
706 3456 824 3516 Harlm.
840 3460 866 3515 in
882 3463 975 3518 Sturm
990 3462 1082 3519 Fauna
1096 3460 1178 3517 Abtlr.
1195 3463 1234 3517 Vl.
1252 3463 1283 3519 ll.
1301 3465 1327 3517 li.
1348 3466 1402 3517 tta
1413 3466 1434 3517 l.
1451 3481 1477 3535 p.
1497 3464 1543 3519 tt.

568 3574 602 3587 -·
706 3538 807 3602 Metalce
822 3547 888 3618 Syn.
904 3566 931 3621 p.
949 3553 975 3603 8.
991 3547 1039 3603 Ed.
1055 3549 1085 3603 11.
1100 3566 1127 3621 p.
1146 3549 1193 3602 tt.

481 3626 689 3707 Helicopltuttltt
705 3627 736 3685 C.
752 3625 812 3707 Psr.
828 3633 943 3704 Naturg.
960 3634 1000 3687 lll.
1020 3652 1045 3706 p.
1063 3638 1090 3688 3.
1108 3636 1156 3687 55.

568 3745 601 3755 -
706 3708 791 3773 Desit.
805 3715 918 3788 Eneycl.
935 3718 1063 3773 mathil.
1082 3736 1109 3791 p.
1127 3720 1196 3773 269.

568 3830 600 3841 -
706 3797 815 3859 Rosea.
830 3801 957 3874 lcouogr.
974 3804 991 3858 l.
1007 3822 1033 3877 p.
1052 3805 1099 3858 8i.

568 3914 601 3925 -
708 3883 822 3942 Harlm.
838 3886 918 3941 Erd-
934 3906 958 3943 u.
975 3889 1080 3945 Sttssw.
1098 3888 1174 3942 Gast.
1189 3887 1208 3941 l.
1229 3891 1252 3941 l.
1269 3906 1294 3960 p.
1312 3889 1339 3941 t.
1360 3890 1405 3941 lh.

568 4001 601 4011 -
706 3968 739 4027 L.
756 3967 816 4048 Pfta
831 3972 927 4044 Symb.
942 3974 960 4027 l.
977 3993 1003 4047 p.
1020 3978 1046 4029 5.
1063 3974 1092 4028 ll.
1108 3992 1134 4046 p.
1152 3975 1199 4027 63.
1215 3972 1256 4025 ΙΙΙ.
1276 3991 1301 4044 p.
1320 3973 1367 4025 tt.

478 4052 679 4114 Dmtdebcrtth
693 4050 770 4115 Beris
784 4057 839 4112 ind.
855 4077 881 4130 p.
900 4062 926 4113 5.

435 4156 539 4216 Genus
555 4156 716 4216 transitum
731 4155 904 4217 evidentem
920 4174 937 4217 a
955 4156 1101 4216 Limaeeis
1118 4153 1156 4215 ad
1173 4154 1292 4216 llelieea
1313 4156 1454 4216 temtans,
1492 4156 1566 4215 ,lni-

436 4240 495 4301 mal
510 4241 591 4299 enim
607 4244 730 4303 omnino
745 4242 941 4303 limacilormo
957 4251 1066 4301 testam
1078 4240 1237 4321 parvulam
1251 4242 1280 4301 in
1292 4250 1378 4321 parto
1394 4241 1567 4321 posteriore.

434 4326 525 4401 gerit,
553 4345 608 4386 nee
629 4326 718 4387 ullam
741 4338 858 4407 partem
882 4325 972 4407 pedis
994 4325 1094 4387 inilia
1117 4324 1283 4388 recondere
1308 4336 1418 4405 potest.
1435 4358 1473 4368 —
1493 4326 1566 4385 Per-

434 4430 550 4491 paurae
572 4408 663 4471 ruodo
686 4412 752 4490 ejus
774 4412 895 4492 species
917 4420 1007 4471 notae
1027 4420 1112 4487 sunt,
1139 4420 1216 4473 testa
1240 4430 1256 4471 a
1276 4408 1430 4469 nonnullis
1452 4410 1567 4471 lleliois

434 4496 610 4558 cohortibus
627 4497 677 4556 vix
694 4495 938 4577 distinguendae.
976 4498 1160 4557 Ferussac
1178 4496 1297 4574 speeies
1318 4498 1336 4554 Ξ
1358 4494 1408 4555 illo
1423 4506 1567 4575 tempore

433 4583 571 4659 cognitas
587 4591 781 4643 monstruoso
796 4602 852 4643 suo
867 4583 972 4662 generi
989 4581 1097 4643 llelicis
1112 4582 1243 4659 injunxit
1257 4589 1288 4640 et
1302 4598 1361 4641 una
1377 4599 1447 4640 cunr
1463 4581 1567 4640 llelicr·

434 4668 542 4743 cam-a,
569 4686 664 4728 cornu
686 4668 824 4747 giganteo
846 4678 877 4729 et
897 4666 1059 4747 magnifico
1081 4668 1111 4728 in
1134 4667 1306 4743 subponere
1330 4666 1567 4746 llelirophantae
