3650 5517
731 540 997 605 uraouueuu.
1254 581 1257 594 ,
1335 508 1434 607 xxtn'

335 714 444 793 Puppe
457 709 577 775 Blut‘rw.
595 716 623 771 ie
638 715 713 771 Dici.
727 732 767 772 ee.
782 724 836 771 nat
853 714 908 773 roi.
926 718 975 771 30.
990 733 1017 789 p.
1030 719 1101 773 000.
1116 716 1211 773 Baiae.
1230 732 1255 789 p.
1275 716 1343 773 007.

341 797 458 879 Veriigo
473 796 560 859 01001.
575 818 665 858 verm.
679 800 710 857 li
724 818 753 875 p.
771 802 839 857 020.

333 890 391 953 {De
406 883 523 959 reliquis
537 883 701 942 auctoribus
714 893 743 941 et
756 884 920 959 synonymis
937 883 1013 943 ceni.
1029 886 1281 943 Berrmannsen
1296 885 1351 943 ind.
1368 888 1413 956 00.)

376 982 515 1047 Genusa
529 981 776 1064 Draparnaud
789 980 1010 1062 (praecedente
1021 983 1247 1065 Bumphrey)
1262 982 1343 1045 bene
1354 1002 1427 1047 corr-

290 1070 452 1145 stantum,
466 1070 553 1131 initio
566 1070 677 1144 (0800.
692 1066 779 1145 tabit
798 1066 956 1131 Clausiiias
970 1068 1063 1133 etiam
1084 1068 1306 1149 complectens,
1327 1070 1427 1131 serius

292 1156 393 1230 (abt)
409 1156 452 1215 ab
467 1154 529 1216 iliis
543 1152 739 1234 depuratum.
774 1154 916 1233 Species,
931 1172 950 1217 a
967 1154 1123 1217 veteribus
1138 1154 1279 1232 Turbini,
1301 1156 1427 1235 Treeho,

290 1238 383 1301 Beiiei
404 1239 600 1321 adscriptae,
625 1247 745 1318 partem
763 1236 865 1301 adhue
886 1241 1017 1303 formant
1042 1241 1162 1321 generis
1191 1238 1301 1303 Buiimi
1327 1240 1427 1321 Brug,

289 1322 404 1387 deinde
419 1333 526 1387 autem
548 1343 567 1385 a
588 1325 778 1386 Berussac
797 1322 908 1385 eadem
933 1323 996 1387 iere
1016 1323 1191 1403 latitudine,
1218 1342 1310 1405 quam
1336 1324 1426 1389 hodie

289 1411 397 1491 generi
411 1410 517 1491 Papae
532 1408 646 1487 tribue,
664 1409 696 1471 in
710 1409 884 1489 subgenere
900 1407 1111 1471 Ceciieduatue
1126 1420 1322 1473 enumeratae
1343 1420 1425 1475 sunt.

292 1495 371 1557 -tt
393 1512 511 1575 genere
531 1492 803 1573 Draparnaudiauo
826 1492 970 1555 Cuvier
994 1496 1053 1555 sub
1074 1495 1197 1555 uomine
1225 1494 1354 1557 Cleandri
1376 1514 1426 1559 se-

287 1580 389 1658 jmtxit
403 1580 530 1660 speeies
543 1578 777 1659 magistorum,
793 1578 874 1640 inter
887 1598 922 1641 se
939 1578 1028 1641 valde
1043 1580 1195 1659 diversas,
1217 1598 1345 1660 quarum
1361 1581 1425 1662 ple-

291 1682 408 1743 rasque
434 1665 549 1745 (genus
577 1662 747 1744 Terquiilce
779 1660 879 1740 Stud.)
910 1664 1018 1743 Pupis,
1048 1664 1123 1727 alias
1149 1665 1272 1745 (typum
1304 1668 1425 1747 generis

290 1748 485 1811 umerum
497 1746 589 1825 Beei)
603 1747 730 1810 Bulimis
743 1746 981 1817 adscribendam
996 1766 1117 1811 censeo.
1153 1750 1186 1810 in
1207 1748 1317 1811 ecdem
1332 1769 1424 1812 sensu

289 1852 389 1915 getius
410 1834 462 1897 uei
488 1833 648 1915 abgenus
674 1830 805 1895 caesui·
829 1852 848 1895 a
878 1833 1146 1914 Charpentier,
1178 1834 1424 1911 uerterunt)

289 1919 407 1983 cattis
427 1918 610 1998 adaptatum
630 1926 695 1995 est,
717 1917 903 1999 Kryuicki
929 1928 1032 1981 autem
1057 1916 1233 1982 Chondrum
1259 1919 1423 1983 tridentem

289 2005 363 2065 Cur.
378 2023 440 2085 pm
454 2015 530 2085 type
543 2003 668 2084 generis
683 2003 845 2081 assumsit,
866 2003 1049 2083 speciesque
1069 2004 1141 2065 huic
1161 2005 1266 2067 affines
1290 2004 1424 2067 Chortdro

290 2088 474 2171 adscripsit,
488 2106 583 2169 quem
597 2095 714 2150 mutate
727 2088 850 2149 nemine
864 2086 1080 2167 (Cicndrulue)
1101 2100 1225 2152 secutus
1246 2100 1293 2153 est
1314 2091 1423 2153 Beck.

292 2208 329 2219 -
349 2176 518 2237 Praeterea
539 2190 654 2254 genera
679 2180 711 2234 et
732 2172 907 2252 subgeuere
932 2190 949 2234 a
975 2173 1070 2257 Pupis
1095 2184 1252 2255 segregata
1277 2186 1351 2237 sunt
1373 2195 1423 2238 se-

291 2261 435 2339 quentia:
450 2257 564 2335 Adida,
578 2254 700 2337 inpilia
719 2257 817 2319 teach
839 2258 920 2319 teat
937 2292 977 2303 -·
992 2257 1086 2321 Aiace
1105 2260 1187 2322 Jeiir.
1210 2261 1291 2322 0830
1308 2294 1347 2307 -
1363 2263 1422 2323 Ju-

291 2343 395 2421 nr'ttiu,
413 2341 564 2425 Scrqrhm
579 2343 622 2421 (0)
636 2342 723 2404 Bissc
740 2344 823 2404 0806
838 2376 880 2387 -
896 2342 1061 2420 Grurutriu,
1085 2345 1210 2421 orcula,
1237 2346 1425 2425 Torquateilu

292 2428 362 2489 Beid
382 2430 523 2491 0837-
540 2426 739 2509 Spkyrudt'um
753 2438 784 2490 ct
805 2426 958 2489 omnine
971 2426 1077 2507 Agass.
1099 2439 1130 2490 et
1150 2428 1211 2491 Cha
1252 2476 1259 2490 .
1284 2430 1364 2492 0837
1382 2464 1421 2475 -

293 2512 469 2588 semesa,
484 2512 616 2593 Bipt'ilu,
637 2512 766 2595 Vertt‘ge,
780 2511 889 2585 Alaea,
908 2512 1060 2592 Tarquitio
1073 2514 1152 2574 Beck
1170 2515 1229 2576 083
1268 2548 1304 2557 -
1325 2514 1422 2576 Goni-

291 2596 411 2674 dcnus,
432 2595 634 2672 attendente,
656 2596 837 2678 Germa,
859 2596 1000 2677 Repello,
1021 2598 1267 2659 successures.
1285 2599 1365 2659 tutu
1383 2634 1421 2644 -

292 2682 467 2765 qm,
482 2681 695 2765 Sprgrmim,
711 2682 845 2763 Pupilla,
869 2681 995 2765 Vertige,
1010 2682 1198 2745 umuuomc
1210 2682 1323 2747 Hartm.
1342 2685 1422 2746 0800

291 2800 332 2815 -
344 2766 524 2849 Deiepiectu
536 2777 569 2833 et
581 2766 771 2831 decedente
782 2768 839 2849 Ag.
854 2778 933 2833 teste
947 2768 1066 2831 Herum.
1081 2766 1144 2830 ind.

372 2853 483 2915 &aas
506 2851 656 2935 Vertiginit
669 2852 753 2914 00000.
768 2855 870 2935 Papae
884 2852 1016 2933 injunxi,
1037 2854 1108 2934 quia
1122 2862 1220 2917 testae
1235 2852 1316 2917 uuile
1331 2852 1423 2917 mode

291 2934 438 3019 distingui
459 2948 602 3019 possmit
634 2934 756 3000 Ammal
778 2938 942 3018 vertiginis
968 2955 1075 3000 revera
1101 2940 1121 2999 B
1147 2936 1238 3001 medo
1262 2938 1423 3003 tentaculis

291 3021 370 3087 bene
384 3023 563 3103 conspicuis
576 3024 760 3085 instructum
774 3034 832 3100 est,
846 3023 984 3086 existunt
998 3032 1098 3087 autem
1114 3022 1218 3105 plures
1233 3027 1335 3105 Pupae
1350 3044 1422 3107 spe-

290 3108 354 3171 cies
367 3110 522 3187 minutae,
547 3124 678 3189 quarum
703 3106 855 3171 tentacula
875 3107 1018 3171 inferiora
1039 3110 1153 3173 sensim
1176 3108 1293 3173 minora
1314 3110 1421 3173 obscr-

292 3202 418 3272 vantur,
444 3191 546 3255 denec
568 3191 694 3260 tandem
718 3193 751 3253 in
775 3192 982 3273 Vertigiaibus
1007 3194 1146 3273 genuinis
1171 3194 1293 3257 omuino
1316 3196 1421 3257 iucen-

327 3279 336 3292 ’
410 3279 482 3341 sint

289 3294 532 3425 sp'vulatermet
545 3379 659 3444 genere
673 3361 792 3443 Papae,
818 3361 997 3442 Vertiginis,
1020 3360 1179 3423 Clausiiiae
1195 3370 1226 3425 et
1239 3361 1347 3426 Belcae
1361 3364 1421 3427 sub

290 3448 412 3511 nemine
422 3446 629 3511 &aecedentes
642 3447 673 3508 in
687 3465 748 3509 une
758 3464 872 3529 genere
883 3444 1146 3527 comprehendere
1157 3448 1324 3528 proposuit,
1340 3448 1420 3531 qued

290 3534 414 3595 minime
427 3530 631 3597 laudandum.

800 3702 827 3782 g.
852 3702 901 3764 u.

586 3830 1124 3905 xtueymeomnrrerme.

371 3944 462 4005 Testa
485 3938 681 4026 cylindracea
705 3939 756 4002 vel
780 3941 1002 4023 pupaeiermis,
1028 3940 1213 4021 multispira,
1239 3941 1421 4023 plerumque

289 4036 443 4109 irenem
469 4035 616 4108 apertura
636 4026 869 4104 subcircuiaris;
894 4026 1000 4108 perist.
1027 4043 1216 4107 expansum,
1242 4028 1419 4090 continuum

289 4112 336 4175 rei
350 4112 383 4174 iu
396 4112 567 4195 speciehus
581 4111 729 4174 anomalis
744 4110 784 4190 (5.
800 4110 845 4189 7.)
860 4111 1135 4191 subinterruptum.

330 4212 515 4297 Cylt'rtdrtllu
528 4211 589 4294 ΡῙΥ.
605 4216 632 4272 iu
647 4216 770 4289 Wiegm.
784 4214 868 4273 Arch.
888 4218 976 4273 0800.
992 4217 1011 4271 l.
1028 4234 1054 4289 p.
1074 4218 1119 4271 tt.

404 4332 439 4345 -
528 4296 590 4380 Pp.
606 4300 701 4377 syme.
717 4304 735 4357 ι.
751 4321 777 4376 p.
794 4306 821 4359 e.
837 4302 868 4360 u.
884 4320 910 4377 ρ.
932 4304 998 4358 rae.
1014 4300 1055 4357 tu.
1071 4319 1097 4375 p.
1116 4304 1164 4357 aa.

361 4490 381 4543 ‘i
396 4488 573 4541 Bartmnnu
592 4488 682 4547 trata.
700 4488 765 4553 Syst.
784 4488 904 4546 lichen.)
922 4488 967 4539 tris
982 4486 1128 4552 subgenera
1149 4488 1259 4539 Chendn
1278 4487 1420 4552 distinguit:

294 4554 439 4612 (tumn,
457 4556 600 4625 taqueum
612 4568 638 4609 et
650 4557 826 4614 tammam,
842 4572 950 4625 «mortim
962 4556 1063 4622 species
1076 4558 1173 4623 typicas
1185 4572 1235 4608 nori
1248 4558 1314 4609 ηονί.
