3650 5517
381 580 463 642 xxa
810 580 1077 644 lN'l'RODUCTlO.

380 748 537 824 Adtmina,
562 748 718 825 Columna,
742 748 902 826 Sabaliaa,
927 749 1088 827 Glaadtiia,
1115 748 1252 823 naenia,
1278 746 1514 829 Leptioarrbll)

381 844 413 898 et
428 833 558 895 Clonella
568 834 649 895 Beck
665 836 746 895 1837
757 868 800 880 -
816 835 1010 917 Polyphemus
1024 846 1055 898 et
1066 834 1224 897 Follicalas
1233 833 1341 914 Agass
1357 842 1389 895 et
1400 834 1514 912 Charp.

308 938 313 948 ·
354 945 360 954 ‘
385 920 465 981 1837
482 956 522 963 -
539 918 737 999 llacrasplra,
766 920 962 1002 Cocltlycopa‚
987 920 1132 983 Aebutiae
1151 920 1282 982 Swains.
1306 920 1397 980 1810.
1412 952 1454 963 -
1469 920 1515 979 De

381 1005 479 1067 Anca
492 1005 589 1068 Laach
605 1002 658 1066 dia
672 1003 817 1067 dubitans
833 1006 932 1083 haesi,
959 1006 1058 1067 donec
1078 1006 1262 1086 praesertim
1282 1023 1320 1066 ex
1343 1005 1515 1085 coguitibna

381 1090 548 1152 Achatiaae
562 1089 773 1152 tornatelliaae
788 1094 895 1169 bewe,
914 1093 994 1153 inter
1008 1091 1171 1153 Acbatluas
1187 1088 1265 1152 duce
1285 1092 1515 1151 Ressmass-

382 1176 439 1235 ler
452 1194 521 1236 eam
536 1173 760 1255 recipiendam,
776 1178 1007 1257 sectionemque
1021 1176 1214 1239 demetarum
1228 1193 1284 1255 pra
1300 1194 1336 1235 ea
1352 1174 1514 1236 instituen-

383 1259 454 1322 dam
471 1278 540 1322 esse
555 1260 738 1322 censuerim.
754 1261 852 1337 (Cani.
868 1262 927 1323 Pir.
942 1263 974 1323 iu
989 1261 1132 1323 Zeitscbr.
1153 1262 1172 1322 l.
1188 1261 1253 1321 blal.
1275 1262 1362 1320 tate.
1380 1278 1409 1339 p.
1427 1260 1515 1335 150.)

384 1380 422 1390 -
441 1344 618 1421 Gloadiaos,
644 1355 731 1408 anae
754 1364 771 1406 a
795 1366 844 1409 me
865 1366 988 1428 (guoque
1010 1347 1152 1427 generice
1168 1344 1342 1423 distinctas,
1368 1354 1514 1423 tanquam

382 1432 549 1493 sectionem
569 1429 760 1493 solummedo
782 1429 941 1513 adoptavi,
966 1434 1036 1513 quia
1059 1431 1230 1513 permultae
1250 1426 1370 1510 species
1391 1430 1516 1490 oraniao

382 1514 582 1579 intermediae
603 1516 749 1578 existant.
764 1550 807 1559 —
821 1518 865 1577 De
888 1536 1001 1596 genere
1027 1516 1144 1578 Pomona
1170 1516 1288 1589 beckii,
1316 1534 1331 1576 a
1357 1514 1517 1596 plerisque

383 1601 443 1663 bac
468 1602 580 1679 relate,
610 1603 820 1679 conserantur,
849 1622 929 1684 qaae
958 1604 1087 1683 exposui
1117 1603 1148 1661 in
1175 1599 1382 1681 descriptione
1407 1598 1515 1661 debat.

383 1686 494 1749 Priami
508 1686 640 1750 nausea.
655 1684 730 1761 (vol.
745 1687 795 1765 ll.)

905 1845 923 1901 '.
950 1843 997 1903 l5.

740 1956 811 2010 xta
841 1842 966 2012 aidau
983 1957 1158 2013 Mantlbrt.

468 2064 559 2128 'leste
574 2072 752 2127 transverse
766 2076 797 2128 et
813 2063 965 2146 profunde
986 2067 1094 2127 rimata
1117 2064 1165 2127 vel
1187 2066 1353 2144 perforata,
1379 2062 1517 2142 triangu-

384 2147 472 2224 laris,
487 2166 505 2207 a
521 2148 615 2212 latere
630 2167 825 2230 compressa,
846 2152 984 2229 margine
999 2162 1161 2231 aperturae
1177 2150 1317 2230 opposita
1340 2149 1370 2209 ln
1392 2147 1516 2227 gibbam

384 2233 604 2296 acutiusculam
621 2232 760 2313 dilatata,
785 2247 931 2315 apertura
953 2234 1298 2316 subtetragone-ovalis,
1325 2230 1517 2313 marginibus

384 2318 554 2399 parallelis,
569 2319 823 2401 subaeqaaiibus;
840 2322 946 2400 periet.
961 2322 1177 2383 incrassatum.

429 2417 539 2481 abtas
553 2420 697 2503 llcnlscrt
710 2425 816 2482 Cencb.
833 2434 901 2499 opst.
917 2426 946 2480 ll.
963 2444 990 2499 p.
1008 2429 1078 2483 302.

467 2536 501 2549 -
554 2505 778 2569 Hmwnmtnsen
790 2510 846 2568 ind.
863 2528 927 2584 gea.
943 2511 1039 2569 Malae.
1054 2512 1073 2566 l.
1089 2530 1116 2586 p.
1135 2512 1205 2566 tta.

471 2605 575 2669 Geaas
586 2627 603 2669 a
614 2610 699 2690 Papa
711 2628 772 2670 nen
783 2610 885 2671 minas
896 2610 977 2670 bene
992 2607 1179 2686 distinctum,
1194 2624 1286 2687 quam
1299 2604 1471 2684 Streptaxls
1486 2614 1519 2664 ct

385 2691 564 2772 Tomlgerns
579 2693 619 2755 ab
641 2695 743 2756 Helice
765 2704 796 2757 et
816 2694 941 2757 Balima.
979 2696 1106 2774 Species
1128 2695 1222 2757 altera
1241 2689 1424 2770 jamdudum
1446 2696 1519 2749 neta

385 2778 520 2856 primum
546 2797 564 2839 a
590 2779 735 2856 Pallas,
760 2780 969 2857 Forassac,
995 2780 1157 2860 Dillwyn
1178 2786 1209 2840 et
1229 2774 1345 2839 Woed
1365 2774 1473 2851 Helici,
1500 2792 1519 2835 a

385 2861 583 2924 thmnitz
608 2872 639 2925 et
664 2862 811 2925 Gmelia
837 2864 969 2941 Trecho,
996 2883 1013 2925 a
1039 2864 1250 2943 Bragaiere
1276 2870 1308 2924 et
1333 2859 1518 2921 bamarck

385 2944 518 3022 Buiimo,
544 2947 785 3010 aBlainville
802 2950 945 3030 Puppne,
971 2968 988 3011 a
1010 2950 1106 3011 Beck
1129 2948 1326 3025 Gibbulinae,
1353 2945 1519 3006 aPatiez

387 3042 418 3094 et
438 3031 611 3093 Michaad
627 3045 658 3096 et
671 3034 812 3095 Kaster
826 3036 942 3115 Papae,
969 3054 986 3095 a
1009 3033 1196 3115 Sewcrby
1211 3034 1316 3095 Bulino
1331 3032 1446 3093 inserta
1461 3040 1519 3107 est,

386 3117 482 3179 altera
508 3137 526 3179 a
551 3118 716 3181 Kastero
742 3119 886 3200 figurata,
912 3120 993 3183 bene
1018 3118 1162 3181 distincta
1188 3119 1260 3182 mibi
1289 3116 1417 3178 videtur.
1445 3116 1519 3191 (De-

387 3203 584 3283 scriptioaem
600 3205 774 3285 specierum
789 3207 865 3267 canl.
880 3206 912 3267 in
928 3205 988 3267 val.
1003 3201 1069 3285 ll),

921 3376 1002 3437 .16.

720 3376 1182 3576 mim..

473 3615 563 3676 Testa
578 3613 687 3676 rimata
703 3614 752 3675 vel
769 3616 936 3696 perforata,
963 3614 1144 3699 cylindrica‚
1170 3622 1258 3675 orata
1281 3610 1329 3674 rel
1351 3610 1522 3673 balimilor-

389 3700 463 3773 nris;
478 3708 622 3780 apertura
637 3699 893 3779 subirrogalaris,
911 3702 1086 3763 semiovalis
1103 3698 1151 3761 val
1167 3694 1404 3775 subrotundata,
1427 3693 1523 3759 edea-

388 3784 451 3847 tala
475 3784 524 3845 vel
544 3784 683 3861 dentata3
708 3786 816 3864 perist.
837 3786 1029 3866 subsimplax
1052 3786 1099 3849 vel
1121 3803 1306 3863 expansum,
1333 3782 1524 3863 marginibus

388 3870 585 3951 aequalibus,
608 3869 837 3950 subparallelis,
859 3869 1060 3950 distantibus,
1084 3870 1268 3953 plerumque
1283 3866 1394 3931 lentina
1410 3868 1523 3929 callosa

386 3957 510 4035 janctis.
526 3956 630 4036 (Spec.
646 3954 707 4016 vid.
723 3955 784 4015 vol.
800 3956 849 4034 11.)

433 4059 516 4139 Papa
530 4058 681 4137 Drepana.
699 4059 760 4116 bist.
777 4080 803 4135 p.
820 4063 858 4117 nt
877 4072 904 4117 et
920 4067 970 4120 29.
984 4062 1009 4128 *l

457 4177 490 4189 -
529 4143 614 4205 Lam.
630 4146 693 4201 hist.
709 4148 750 4201 Vl.
768 4150 795 4201 2.
811 4165 838 4222 p.
858 4151 926 4204 103.
943 4146 987 4203 cd.
1002 4146 1088 4203 Desii.
1104 4145 1168 4201 illll.
1185 4165 1211 4219 p.
1234 4148 1299 4202 tae.

457 4262 489 4275 -
531 4228 624 4289 lleeve
639 4232 745 4289 Cauch.
761 4241 828 4304 syst.
844 4232 873 4287 ll.
890 4252 916 4306 p.
934 4233 983 4289 71.

457 4347 491 4359 -
533 4315 640 4375 llt'leler
654 4316 681 4371 iu
697 4318 812 4375 Choma.
828 4318 872 4374 ed.
887 4318 918 4374 11.
935 4317 990 4375 val.
1005 4317 1025 4373 1.
1040 4317 1114 4373 Sect.
1135 4320 1179 4372 lb.

462 4473 479 4526 ’1
498 4468 617 4529 Quamvis
634 4484 715 4531 genas
734 4468 836 4534 Vertigo
854 4470 934 4531 111111,
957 4469 1024 4535 qaod
1043 4468 1130 4531 Pupao
1149 4467 1253 4532 injunxi,
1276 4466 1401 4528 prioritate
1416 4464 1527 4527 gaudeat

390 4541 457 4589 baad
469 4540 560 4597 dubia,
574 4549 657 4589 tamen
670 4539 719 4588 boc
733 4554 825 4591 nomen
837 4550 994 4603 anteponere
1009 4538 1089 4598 nolui,
1104 4537 1162 4601 ertia
1176 4536 1297 4589 bittlleras
1311 4535 1409 4585 animali
1424 4535 1526 4599 generis

390 4612 492 4660 auidae
504 4612 578 4660 medo
590 4610 716 4659 teirtacale
730 4612 930 4674 expressissima
943 4610 1029 4661 veritis
1042 4608 1156 4672 postulet.
