3650 5517
694 657 956 719 lNl'llODUCTlO.
1319 660 1399 722 XVll

343 829 705 905 laressemensi,
721 826 1057 908 Fitzinger‚lleld,
1080 826 1259 908 ligassiz,
1281 831 1395 909 Beck,

266 916 466 976 swainson
479 923 514 975 et
534 914 741 974 llartmanu
763 912 936 992 subgenera
959 930 1000 973 ex
1021 910 1166 973 affinitate
1185 916 1314 977 naturali
1335 916 1395 977 lor-

265 1018 343 1062 msrs
365 1007 590 1079 susceperunt,
620 996 679 1059 sed
708 997 900 1059 characteres
932 1016 1041 1059 eruere
1065 1015 1126 1057 non
1152 1000 1251 1077 potui,
1282 1000 1396 1080 quibus

265 1085 398 1147 cobortes
413 1083 555 1145 llelicum
569 1083 717 1145 affinitate
731 1100 805 1143 rora
820 1082 996 1160 junctarum
1017 1082 1105 1143 claris
1120 1082 1225 1143 verbis
1240 1084 1394 1165 designari

264 1171 393 1249 possint,
409 1168 615 1251 quamobrem
632 1168 664 1227 in
676 1168 793 1245 llelice,
808 1169 888 1228 sicut
903 1166 933 1226 in
947 1167 1064 1227 Bulimo
1079 1167 1207 1247 aliisque
1221 1171 1394 1249 generibus,

264 1254 509 1316 distributionem
535 1262 567 1314 at
591 1252 814 1314 ordinationem
841 1269 926 1314 mere
948 1270 986 1312 ex
1009 1250 1237 1314 characteribus
1260 1258 1395 1317 externis

265 1340 403 1400 methodo
418 1336 571 1399 artificiali
586 1336 739 1415 desumsi,
761 1346 794 1397 ut
807 1336 958 1416 singulam
970 1337 1104 1416 speciem
1120 1337 1201 1397 inter
1215 1339 1394 1402 immensam

263 1422 487 1505 dese-iptarurn
503 1421 623 1501 copiam
638 1422 769 1482 inveniri
783 1420 901 1483 lacilius
917 1419 1071 1483 reddatur.
1088 1421 1186 1497 (cont
1202 1441 1308 1504 consp.
1323 1444 1396 1506 spo-

263 1511 371 1570 cierum
394 1508 459 1569 vol.
475 1508 496 1567 l.
519 1526 549 1587 p.
572 1508 636 1583 l3.)
673 1506 814 1567 Attamen
834 1506 1029 1567 characteres
1054 1506 1085 1567 in
1107 1505 1211 1569 multis
1231 1511 1394 1588 speciebus

264 1594 390 1675 ambigui
414 1604 446 1654 et
469 1590 633 1653 variabiles
655 1602 739 1668 sunt,
765 1590 966 1672 quamobrem
989 1592 1019 1651 in
1039 1588 1287 1655 adnotationibus
1302 1614 1396 1675 saepe

264 1680 356 1739 locum
370 1676 526 1754 indicavi,
543 1694 605 1756 quo
621 1676 744 1755 specics
757 1676 897 1755 proxime
912 1674 1019 1737 aflines
1041 1674 1236 1755 quaerendae
1259 1688 1344 1757 sunt;
1364 1682 1394 1740 in

264 1764 440 1825 adversum
455 1771 577 1839 autem,
604 1761 631 1821 si
646 1762 781 1840 speciem
798 1762 854 1821 tibi
867 1760 1051 1840 incognitam
1068 1762 1242 1840 examinas,
1269 1782 1308 1823 cx
1323 1782 1394 1845 spe-

264 1850 371 1909 cierum
387 1846 434 1908 ilb
448 1844 613 1907 evidenter
626 1845 762 1906 affinium
777 1856 809 1906 et
824 1846 888 1923 jam
903 1846 961 1907 rite
977 1844 1246 1907 determinatarum
1270 1867 1394 1930 compa-

265 1935 374 1994 ratione
389 1933 461 2011 ejus
477 1930 577 1991 locum
594 1930 626 1991 iu
641 1929 720 1990 libro
734 1949 803 1991 meo
818 1930 905 1991 facile
920 1929 1067 1991 invenies.

619 2146 663 2201 v.
690 2050 874 2202 add
888 2145 1037 2203 nae.

341 2238 435 2299 Tasta
459 2236 647 2315 orbiculata,
671 2239 753 2317 spira
774 2238 929 2315 'convexa,
956 2238 1080 2315 obtusa,
1107 2251 1249 2317 apertura
1271 2262 1394 2306 sursum

266 2340 397 2401 reversa,
415 2320 544 2385 dentata
558 2321 609 2385 vel
625 2320 776 2385 edentula.

302 2424 464 2487 ,bodoma
477 2422 571 2485 Fuci.
586 2423 625 2485 de
646 2422 758 2486 Waldlt.
774 2429 843 2483 ldus.
858 2428 1005 2485 Demidoll.
1022 2429 1061 2483 lll.
1080 2432 1168 2487 taut.

362 2543 396 2554 -
476 2508 562 2571 lawa.
576 2512 641 2567 hist.
656 2514 697 2568 vl.
714 2516 740 2569 2.
756 2532 782 2587 p.
802 2518 869 2569 ldd.
886 2514 929 2569 ad.
945 2514 1030 2569 Dasli.
1047 2512 1110 2569 llll.
1129 2532 1155 2587 p.
1177 2518 1186 2568 l
1195 2518 1242 2569 50,

361 2628 397 2640 -
479 2594 561 2656 δον).
577 2614 683 2671 genera
698 2597 729 2653 ol
740 2598 826 2654 sbells
839 2598 907 2653 lasc.
924 2598 987 2655 Vlll.

362 2712 399 2724 -
477 2678 565 2741 Desit
580 2681 610 2737 in
623 2682 734 2756 Encycl.
750 2682 834 2739 melli.
849 2684 880 2738 ll.
895 2702 922 2759 p.
939 2686 987 2739 5⁴.

361 2796 400 2809 -
479 2765 575 2825 Recta
589 2766 694 2823 Couch.
709 2775 777 2841 syst.
792 2768 821 2823 ll.
837 2786 864 2841 p.
881 2770 930 2825 ta.

307 2848 485 2931 Tornoqem
498 2847 603 2930 Mortis.
618 2851 723 2907 Conob.
738 2862 805 2925 syst.
820 2854 850 2908 11.
866 2871 893 2927 p.
911 2857 981 2911 359.

303 2936 485 3016 Aaqpsuma
501 2932 620 2997 Sclutm,
635 2936 714 2992 Essai
728 2954 755 3009 p.
773 2940 842 2993 229.

308 3018 748 3101 amastrianensis.
763 3020 845 3076 d.sc.
861 3032 916 3077 nst.
933 3025 986 3079 vol.
1005 3026 1051 3079 ³2.
1069 3042 1095 3096 p.
1112 3026 1182 3081 252.

304 3104 466 3167 Anurlonrn
480 3107 579 3181 (subg.
595 3105 709 3178 llelicis)
724 3105 782 3164 dun
797 3115 850 3162 cat.
868 3110 956 3163 {8³2
975 3126 1001 3181 p.
1019 3112 1045 3165 2.

367 3222 404 3234 -
480 3188 610 3251 Saum.
625 3192 710 3247 Elem.
726 3190 800 3248 mod.
817 3191 921 3247 Concli.
942 3196 1020 3247 ¹835
1037 3202 1064 3247 et
1078 3194 1172 3248 Malao.
1194 3211 1221 3267 p.
1242 3196 1308 3249 tta.
1327 3196 1395 3250 329.

365 3306 403 3319 -
482 3275 562 3335 8οω.
578 3277 682 3333 Conob.
698 3278 767 3333 Han.
784 3276 828 3332 ad.
843 3278 872 3331 ll.
888 3294 916 3351 p.
934 3280 981 3333 ot.

347 3378 456 3438 Genus
466 3376 691 3457 persingulare,
707 3376 755 3437 cui
767 3386 854 3438 antea
870 3375 986 3457 (Symb.
998 3376 1042 3435 lll.
1054 3394 1086 3455 p.
1099 3376 1148 3434 52.
1162 3408 1200 3418 -
1218 3376 1398 3458 Tomoperes)

265 3460 344 3523 duce
358 3462 460 3523 Beck
473 3461 554 3539 (ind.
568 3480 601 3541 p.
622 3460 685 3539 il.)
709 3462 828 3543 species
850 3462 1011 3540 Tomigero
1032 3460 1136 3520 clauso
1156 3460 1232 3538 Spir
1255 3462 1397 3541 analogas

265 3544 553 3609 adnumeraveram.
590 3542 740 3625 apertura
762 3556 864 3607 autem
886 3564 1010 3608 sursum
1037 3562 1163 3606 reversa
1190 3543 1397 3608 characterem

265 3634 467 3712 praecipuum
483 3632 608 3713 generis
623 3632 731 3692 sistere
745 3628 883 3711 ridetur,
906 3630 1107 3712 quamohrem
1123 3630 1190 3692 illas
1206 3631 1346 3711 separavi
1369 3641 1399 3693 ct

265 3734 362 3794 genus
375 3718 561 3797 Spixiaunm
576 3714 798 3777 restituendum
814 3716 931 3779 censui.
967 3718 1041 3779 Tros
1063 3714 1254 3778 solummodo
1269 3714 1398 3777 Anosto-

267 3802 356 3863 maus
369 3802 492 3882 species
507 3802 649 3881 cognitae
663 3809 750 3879 sunt,
766 3804 929 3881 quarum2
946 3800 1102 3879 dentatae,
1118 3801 1213 3863 altera
1229 3800 1398 3880 majorjam

267 3888 441 3949 auctoribus
457 3886 618 3949 veteribus
628 3894 714 3963 uota,
730 3887 858 3949 nuncin
874 3884 1102 3949 collectionibus
1117 3886 1290 3962 rarissima,
1306 3886 1399 3949 altera

268 3971 366 4033 urinor
377 3972 607 4035 recentioribus
621 3970 814 4052 temporibus
826 3972 1004 4053 frequenter
1018 3994 1035 4034 e
1049 3972 1174 4034 Brasilia
1190 3970 1294 4052 allata,
1310 3976 1398 4034 tertia

266 4054 421 4133 edentula,
437 4076 519 4139 quas
534 4055 686 4138 descripsi
702 4057 733 4118 in
748 4056 808 4117 vol.
822 4057 844 4117 l.
858 4075 890 4136 p.
908 4059 936 4117 l.

635 4274 692 4331 vt
723 4176 923 4344 'l'unglgdrns

351 4366 441 4429 Testa
457 4364 688 4430 horizontalitar
702 4366 825 4443 rimata,
840 4360 1102 4446 globoso-conica,
1125 4381 1315 4444 compressa,
1331 4382 1398 4426 sca-

266 4449 458 4531 rabilorrnis;
473 4459 620 4533 apertura
636 4452 805 4529 verticalis,
821 4450 954 4531 ringens.
970 4449 1075 4530 (Spes.
1091 4446 1151 4509 vid.
1169 4449 1227 4511 vol.
1243 4451 1262 4509 l.
1279 4468 1309 4529 p.
1325 4454 1370 4527 ἓ.)

314 4553 483 4637 Tomiyertts
499 4551 583 4633 θρίω
596 4564 659 4612 test.
673 4557 747 4612 bras.
763 4566 781 4611 t.
801 4559 847 4611 ⁴5.

353 4658 457 4719 Genus
473 4656 556 4717 bene
576 4655 854 4736 circumscriptum,
879 4656 956 4714 inter
978 4650 1156 4727 linostema,
1178 4652 1353 4730 Streptaxin
1370 4661 1398 4709 et

1180 4752 1193 4780 fl
